@inproceedings{morris2016planning,
  title={Planning, Scheduling and Monitoring for Airport Surface Operations.},
  author={Morris, Robert and Pasareanu, Corina S and Luckow, Kasper S{\o}e and Malik, Waqar and Ma, Hang and Kumar, TK Satish and Koenig, Sven},
  booktitle={AAAI Workshop: Planning for Hybrid Systems},
  year={2016}
}
@article{malik2016exact,
  title={Exact and Heuristic Algorithms for Runway Scheduling},
  author={Malik, Waqar A and Jung, Yoon C},
  journal={AIAA Aviation Confrence, Washington, DC},
  year={2016}
}
@inproceedings{atkin2010airport,
  title={The airport ground movement problem: Past and current research and future directions},
  author={Atkin, Jason AD and Burke, Edmund K and Ravizza, Stefan},
  booktitle={Proceedings of the 4th International Conference on Research in Air Transportation (ICRAT), Budapest, Hungary},
  pages={131--138},
  year={2010}
}
@article{marin2006airport,
  title={Airport management: taxi planning},
  author={Marin, Angel G},
  journal={Annals of Operations Research},
  volume={143},
  number={1},
  pages={191--202},
  year={2006},
  publisher={Springer}
}
@article{roling2008optimal,
  title={Optimal airport surface traffic planning using mixed-integer linear programming},
  author={Roling, Paul C and Visser, Hendrikus G},
  journal={International Journal of Aerospace Engineering},
  volume={2008},
  number={1},
  pages={1},
  year={2008},
  publisher={Hindawi Publishing Corp.}
}
@book{burke2005search,
  title={Search methodologies},
  author={Burke, Edmund K and Kendall, Graham and others},
  year={2005},
  publisher={Springer}
}
